@article{AcsArmington2004,
author = {Acs, Z. and Armington, C.},
journal = {Regional Studies},
number = {8},
pages = {911-927},
title = {Employment growth and entrepreneurial activity in cities},
volume = {38},
year = {2004},
}

@book{AcsArmington2006,
address = {New York, NY},
author = {Acs, Z. J. and Armington, C.},
publisher = {Cambridge University Press},
title = {Entrepreneurship Geography, and American Economic Growth},
year = {2006},
}

@techreport{AgrawalCockburnGalassoOettl2012,
author = {Agrawal, A. and Cockburn, I. and Galasso, A. and Oettl, A.},
institution = {NBER},
number = {17793},
title = {Why are Some Regions More Innovative than Others? The Role of Firm Size Diversity},
type = {Working Paper},
year = {2012},
}

@book{AldrichNelson1984,
author = {Aldrich, J. H. and Nelson, F. D.},
publisher = {Sage},
title = {Linear probability, logit, and probit models (Vol. 45)},
year = {1984},
}

@book{Autio2007,
address = {Babson Park, MA and London, UK},
author = {Autio, E.},
publisher = {Babson College and London Business School},
title = {Global Entrepreneurship Monitor: 2007 Global Report on High-Growth Entrepreneurship},
year = {2007},
}

@book{Barreto1989,
address = {Routledge},
author = {Barreto, H.},
publisher = {London},
title = {The Entrepreneur in Microeconomic Theory: Disappearance and Explanation},
year = {1989},
}

@article{Baumol1968,
author = {Baumol, W. J.},
journal = {Papers and Proceedings},
pages = {64-71},
title = {Entrepreneurship in economic theory, American Economic Review},
volume = {58},
year = {1968},
}

@article{BlockKoellinger2009,
author = {Block, J. and Koellinger, P.},
journal = {Kyklos},
number = {2},
pages = {191-209},
title = {I can't get no satisfactionâ€”Necessity entrepreneurship and procedural utility},
volume = {62},
year = {2009},
}

@article{BlanchflowerOswald1998,
author = {Blanchflower, D. and Oswald, A.},
journal = {Journal of Labor Economics},
pages = {26-60},
title = {What makes an entrepreneur?},
volume = {16},
year = {1998},
}

@unpublished{Bonte2007,
author = {Bonte, W. and Falck, O. and Heblich, S.},
institution = {CESifo},
note = {No. 2115},
title = {Demography and innovative entrepreneurship},
type = {Working Paper},
year = {2007},
}

@article{BurkeFitzroyNolan2002,
author = {Burke, A. E. and Fitzroy, F. R. and Nolan, M. A.},
journal = {Small Business Economics},
number = {3},
pages = {255-270},
title = {Self-employment wealth and job creation: the roles of gender, non-pecuniary motivation and entrepreneurial ability},
volume = {19},
year = {2002},
}

@book{CameronTrivedi2010,
address = {College Station, TX},
author = {Cameron, A. C. and P. K. Trivedi},
edition = {Rev},
publisher = {Stata Press},
title = {Microeconometrics Using Stata},
year = {2010},
}

@article{Carrasco1999,
author = {Carrasco, R.},
journal = {Oxford Bulletin of Economics and Statistics},
pages = {315-41},
title = {Transitions to and from self-employment in Spain: an empirical analysis},
volume = {61},
year = {1999},
}

@article{ChatterjiGlaeserKerr2014,
author = {Chatterji, A. and Glaeser, E. and Kerr, W.},
journal = {Innovation policy and the economy.},
pages = {129-166},
title = {Clusters of entrepreneurship and innovation},
volume = {14 Issue 1},
year = {2014},
}

@unpublished{Competitiveness2007,
author = {Competitiveness, C.},
note = {Washington DC: Council of Competitiveness},
title = {Competitivenes Index, Where America Stands},
year = {2007},
}

@article{CowlingTaylor2001,
author = {Cowling, M. and Taylor, M.},
journal = {Small Business Economics},
pages = {167-175},
title = {Entrepreneurial women and men: Two different species?},
volume = {16(3)},
year = {2001},
}

@techreport{CullenGordon2002,
author = {Cullen, J. B and Gordon, R. H},
institution = {NBER},
title = {Taxes and Entrepreneurial Activity: Theory and Evidence for the U},
type = {Working Paper No. 9015},
year = {2002},
}

@article{CullenGordon2006,
author = {Cullen, J. B. and Gordon, R..},
journal = {Tax Policy and the Economy},
pages = {41},
title = {Tax Reform and Entrepreneurial Activity},
volume = {20},
year = {2006},
url = {http://www.jstor.org/stable/20061904},
}

@article{Dalziel2008,
author = {Dalziel, M.},
journal = {Journal of Small Business and Entrepreneurship},
number = {1},
pages = {23-36},
title = {Immigrants as extraordinarily successful entrepreneurs: A pilot study of the canadian experience},
volume = {21},
year = {2008},
url = {http://search.proquest.com.ezproxy.princeton.edu/docview/214499482?accountid=13314},
}

@article{Deli2011,
author = {Deli, F.},
journal = {Journal of Management Policy and Practice},
number = {4},
pages = {38-57},
title = {Opportunity and necessity entrepreneurship: Local unemployment and the small firm effect},
volume = {12},
year = {2011},
url = {http://search.proquest.com.ezproxy.princeton.edu/docview/885150236?accountid=13314},
}

@techreport{DjankovGanserMcLieshRamalhoShleifer2008,
author = {Djankov, S. and Ganser, T. and McLiesh, C. and Ramalho, R. and Shleifer, A.},
institution = {National Bureau of Economic Research},
title = {The Effect of Corporate Taxes on Investment and Entrepreneurship},
type = {Working Paper No. 13756},
year = {2008},
}

@article{DunnHoltzEakin2000,
author = {Dunn, T. and Holtz-Eakin, D.},
journal = {Journal of Labor Economics},
number = {2},
pages = {282-305},
title = {Financial capital, human capital, and the transition to self-employment: Evidence from intergenerational links},
volume = {18},
year = {2000},
}

@article{EvansJovanovic1989,
author = {Evans, D. S. and Jovanovic, B.},
journal = {Journal of Political Economy},
pages = {808-827},
title = {An estimated model of entrepreneurial choice under liquidity constraints},
volume = {97},
year = {1989},
}

@article{EvansLeighton1989,
author = {Evans, D. S. and Leighton, L. S.},
journal = {Small Business Economics},
pages = {111-19},
title = {The determinants of changes in US self-employment, 1968-1987},
volume = {1},
year = {1989},
}

@article{EmpiricalAspects1989,
journal = {American Economic Review},
pages = {519-35},
title = {Some Empirical Aspects of Entrepreneurship},
volume = {79},
year = {1989},
}

@article{Fairlie2007,
author = {Fairlie, Robert W.},
journal = {Available at SSRN},
title = {Kauffman Index of Entrepreneurial Activity, 1996-2006},
volume = {988167},
year = {2007},
}

@book{FairlieRobb2008,
address = {Cambridge, Mass.},
author = {Fairlie, R. and Robb, Alicia M.},
publisher = {MIT Press},
title = {Race and entrepreneurial success Black-, Asian-, and white-owned businesses in the United States},
year = {2008},
}

@article{Fairlie1999,
author = {Fairlie, R.},
journal = {Journal of Labor Economics},
number = {1},
pages = {80-108},
title = {The absence of the African-American owned business: An analysis of the dynamics of self-employment},
volume = {17},
year = {1999},
}

@book{GartnerShaverCarterReynolds2004,
address = {Thousand Oaks, CA},
editor = {Gartner, W. B. and Shaver, K. G. and Carter, N. and Reynolds, P. D.},
publisher = {Sage Publications},
title = {Handbook of Entrepreneurial Dynamics: The Process of Business Creation},
year = {2004},
}

@techreport{GhaniKerrOConnell2011,
author = {Ghani, E. and Kerr, W. and O'Connell, S.},
institution = {National Bureau of Economic Research},
title = {Local Industrial Structures and Female Entrepreneurship in India},
type = {Working Paper No. 17596},
year = {2011},
}

@article{GeorgellisWall2005,
author = {Georgellis, Y. and Wall, H.},
journal = {International Review of Applied Economics.},
number = {3},
pages = {321-342},
title = {Gender differences in self-employment},
volume = {19},
year = {2005},
}

@techreport{GlaeserRosenthalStrange2009,
author = {Glaeser, E. and Rosenthal, S. and Strange, W.},
institution = {National Bureau of Economic Research},
title = {Urban Economics and Entrepreneurship},
type = {Working Paper No. 15536},
year = {2009},
}

@techreport{GlaeserKerr2008,
author = {Glaeser, E. and Kerr, W.},
institution = {National Bureau of Economic Research},
number = {14407},
title = {Local Industrial Conditions and Entrepreneurship. How much of the Spatial Distribution Can We Explain?},
type = {Working Paper},
year = {2008},
}

@techreport{Glaeser2007,
author = {Glaeser, E. L.},
institution = {Harvard Institute of Economic Research},
title = {Entrepreneurship and the City},
type = {Discussion Paper No. 2140},
year = {2007},
}

@article{GlaeserKallalScheinkmanShleifer1992,
author = {Glaeser, E. and Kallal, H. and Scheinkman, J. and Shleifer, A.},
journal = {Journal of Political Economy.},
number = {6},
pages = {1126-1152},
title = {Growth in Cities},
volume = {100},
year = {1992},
}

@article{Goetz2008,
author = {Goetz, S. J.},
journal = {The Northeast Regional Center for Rural Development. No.},
month = {Mar},
number = {41},
pages = {2016},
title = {State Entrepreneurial Climate Estimates: An Update Based on the Kauffman Index},
volume = {17},
year = {2008},
url = {https://www.researchgate.net/publication/228264914_State_Entrepreneurial_Climate_Estimates_An_Update_Based_on_the_Kauffman_Index},
}

@book{GouldPitbladoPoi2010,
address = {College Station, TX},
author = {Gould, W. W. and J. S. Pitblado and B. P. Poi},
publisher = {Stata Press},
title = {Maximum Likelihood Estimation with Stata. 4th ed},
year = {2010},
}

@techreport{HallLerner2009,
author = {Hall, B. and Lerner, J.},
institution = {NBER},
title = {The Financing of R&D and Innovation},
type = {Working Paper No. 15325},
year = {2009},
comment = {(DOI): 10.3386/w15325},
}

@article{HaltiwangerJarminMiranda2013,
author = {Haltiwanger, J. and Jarmin, R. and Miranda, J.},
journal = {In Review of Economics and Statistics},
number = {2},
pages = {347-361},
title = {Who Creates Jobs? Small versus Large versus Young},
volume = {95},
year = {2013},
}

@article{Hanson2012,
author = {Hanson, G. H.},
journal = {Cato Journal},
number = {1},
pages = {25-34},
title = {Immigration and Economic Growth},
volume = {32},
year = {2012},
url = {http://search.proquest.com.ezproxy.princeton.edu/docview/921128620?accountid=13314},
}

@article{Hilbe1996,
author = {Hilbe, J. M.},
journal = {Stata Technical Bulletin},
pages = {20},
title = {sg54: Extended probit regression},
volume = {32},
year = {1996},
comment = {Reprinted in Stata Technical Bulletin Reprints, vol. 6, pp. 131â€“132. College Station, TX: Stata Press},
}

@techreport{Kerr2013,
author = {Kerr, W.},
institution = {High-Skilled Immigration, Innovation, and Entrepreneurship: Empirical Approaches and Evidence NBER},
title = {U},
type = {Working Paper No. 19377},
year = {2013},
}

@article{Kerr2010,
author = {Kerr, W.},
journal = {Journal of Urban Economics},
number = {1},
pages = {46-60},
title = {Breakthrough Inventions and Migrating Clusters of Innovation},
volume = {67},
year = {2010},
}

@article{Lazear2005,
author = {Lazear, E. P..},
journal = {Journal of Labor Economics},
number = {4},
pages = {649-680},
title = {Entrepreneurship},
volume = {23},
year = {2005},
url = {http://doi.org/10.1086/491605},
}

@book{Lerner2009,
address = {Princeton},
author = {Lerner, J.},
publisher = {Princeton University Press},
title = {Boulevard of broken dreams why public efforts to boost entrepreneurship and venture capital have failed, and what to do about it. (Kauffman Foundation series on innovation and entrepreneurship)},
year = {2009},
}

@article{LiangWangLazear2014,
author = {Liang, James and Hui Wang and Edward P. Lazear},
journal = {National Bureau of Economic Research},
title = {Demographics and Entrepreneurship},
year = {2014},
comment = {No. w20506},
}

@article{LinPicotCompton2000,
author = {Lin, Z. and Picot, G. and Compton, J.},
journal = {Small Business Economics},
pages = {105-25},
title = {The entry and exit dynamics of self-employment in Canada},
volume = {15},
year = {2000},
}

@article{Lofstrom2002,
author = {Lofstrom, M.},
journal = {Journal of Population Economics},
pages = {83-114},
title = {Labor market assimilation and self-employment decisions of immigrant entrepreneurs},
volume = {15},
year = {2002},
}

@book{Long1997,
address = {Advanced quantitative techniques in the social sciences. Thousand Oaks, Calif.},
author = {Long, J.},
publisher = {Sage Publications},
title = {Regression models for categorical and limited dependent variables},
year = {1997},
}

@article{Margolis2014,
author = {Margolis, D. N.},
journal = {European Journal of Development Research},
number = {4},
pages = {419-436},
title = {By choice and by necessity: Entrepreneurship and self-employment in the developing world},
volume = {26},
year = {2014},
doi = {10.1057/ejdr.2014.25},
}

@article{Moretti2004,
author = {Moretti, E.},
journal = {Handbook of Regional and Urban Economics.},
pages = {2243-2291},
title = {Human capital externalities in cities},
volume = {4},
year = {2004},
}

@book{Nwosu2010,
address = {Wilmington, NC},
author = {Nwosu, E.},
publisher = {Angel Resource Institute},
title = {An Overview of Different State Angel Tax Credit Programs in the United States},
year = {2010},
}

@book{Parker2004,
author = {Parker, S. C.},
publisher = {Cambridge University Press},
title = {The economics of self-employment and entrepreneurship},
year = {2004},
}

@article{PatrickStephensWeinstein2016,
author = {Patrick, C. and Stephens, H. and Weinstein, A.},
journal = {Small Business Economics},
pages = {365-390},
title = {Where are all the self-employed women? Push and pull factors influencing female labor market decisions.},
volume = {46},
year = {2016},
doi = {10.1007/s11187-015-9697-2},
}

@book{Porter1990,
address = {New York},
author = {Porter, M.},
publisher = {Free Press},
title = {The competitive advantage of nations},
year = {1990},
}

@article{Quinn1980,
author = {Quinn, J. F.},
journal = {Social Security Bulletin},
pages = {17-28},
title = {Labor-force participation patterns of older self-employed workers},
volume = {43},
year = {1980},
}

@article{RodrguezFierroGarridoNavarro2015,
author = {Ramos-RodrÃ­guez, A. and MartÃ­nez-Fierro, S. and Medina-Garrido, J. A. and Ruiz-Navarro, J.},
journal = {International Entrepreneurship and Management Journal.},
pages = {571-597},
title = {Global entrepreneurship monitor versus panel study of entrepreneurial dynamics: comparing their intellectual structures},
volume = {11 Issue 3},
year = {2015},
}

@book{ReynoldsWhite1997,
address = {Westport, CT},
author = {Reynolds, P. D. and White, S. B.},
publisher = {Greenwood Publishing Group, Inc},
title = {The Entrepreneurial Process: Economic Growth, Women, and Minorities},
year = {1997},
}

@article{ReynoldsCurtin2008,
author = {Reynolds, Paul D. and Richard Curtin},
journal = {Foundations and Trends in Entrepreneurship},
number = {3},
pages = {155-307},
title = {Business creation in the United States: Panel study of entrepreneurial dynamics II initial assessment},
volume = {4},
year = {2008},
}

@book{Reynolds2007,
address = {New York},
author = {Reynolds, P. D.},
publisher = {Springer},
title = {Entrepreneurship in the US: The Future is Now},
year = {2007},
}

@article{Reynolds2007,
author = {Reynolds, P. D.},
journal = {Foundations and TrendsÂ® in Entrepreneurship:},
number = {1},
pages = {1-150},
title = {New Firm Creation in the United States A PSED I Overview},
volume = {3},
year = {2007},
doi = {http://dx.doi.org/10.1561/0300000010},
}

@techreport{BurkeHanley2004,
author = {Burke, Andrew and Aoife Hanley},
institution = {Max Planck Institute of Economics, Entrepreneurship, Growth and Public Policy Group},
note = {No. 2004-45.},
title = {Entrepreneurship over Time: Measures of Activity and Recent Changes in the US: 1993-2002},
year = {2004},
}

@book{ReynoldsWhite1997,
address = {Westport, Connecticut},
author = {Reynolds, P. D. and White, S.},
publisher = {Quorum Books},
title = {The Entrepreneurial Process: Economic Growth, Men, Women, and Minorities},
year = {1997},
}

@book{Rocha2013,
address = {IAE Business School, Argentina},
author = {Rocha, HÃ©ctor O.},
publisher = {Palgrave Macmillan},
title = {Entrepreneurship and regional development: The role of clusters},
year = {2013},
}

@book{Ruef2010,
address = {Princeton},
author = {Ruef, M.},
publisher = {Princeton University Press},
title = {The entrepreneurial group social identities, relations, and collective action},
year = {2010},
comment = {Kauffman Foundation series on innovation and entrepreneurship},
}

@article{Taylor1999,
author = {Taylor, M. P.},
journal = {Economic Journal},
pages = {C140-C155},
title = {Survival of the fittest? An analysis of self-employment duration in Britain},
volume = {109},
year = {1999},
}

@article{LeoniFalk2010,
author = {Thomas Leoni and Martin Falk},
journal = {In Small Business Economics},
month = {February},
pages = {167-185},
title = {Gender and field of study as determinants of self-employment},
volume = {34 Issue 2},
year = {2010},
}

@misc{BEA,
title = {{U.S. Bureau of Economic Analysis (BEA)}},
howpublished = {\url{http://www.bea.gov/iTable/iTable.cfm?reqid=70}},
}

@misc{EDA,
title = {{U.S. Economic Development Administration}},
howpublished = {\url{http://www.eda.gov/}},
}

@misc{SBA,
title = {{U.S. Small Business Administration}},
howpublushed = {\url{www.sba.gov}},
}

@article{Wellington2001,
author = {Wellington, A. J.},
journal = {Contemporary Economic Policy},
pages = {465-78},
title = {Health Insurance Coverage and Entrepreneurship},
volume = {19},
year = {2001},
}

@article{Williams2013,
author = {Williams, N.},
journal = {Environment and Planning. Government & Policy.},
pages = {1-4},
title = {Entrepreneurship and the role of policy},
volume = {31 Issue 1},
year = {2013},
}

@misc{kangasharju2001regional,
  title={Regional Economic Repercussions of an Economic Crisis: A Sectoral Analysis, Government Institute of Economic Research (VATT) Discussion Paper No. 248},
  author={Kangasharju, A and Pekkala, S},
  year={2001},
  publisher={Helsinki}
}

@article{olivetti2016dp11034,
  title={DP11034 The evolution of the gender gap in industrialized countries.},
  author={Olivetti, Claudia and Petrongolo, Barbara},
  year={2016}
}

@article{adams2012beyond,
  title={Beyond the glass ceiling: Does gender matter?},
  author={Adams, Ren{\'e}e B and Funk, Patricia},
  journal={Management Science},
  volume={58},
  number={2},
  pages={219--235},
  year={2012},
  publisher={INFORMS}
}

@techreport{bertrand2013gender,
  title={Gender identity and relative income within households},
  author={Bertrand, Marianne and Pan, Jessica and Kamenica, Emir},
  year={2013},
  institution={National Bureau of Economic Research}
}

@article{AlbaRumbautMarotz2005,
author = {Alba, Richard and Ruben G. Rumbaut and Karen Marotz},
journal = {Social Forces},
pages = {901-919},
title = {A distorted nation: Perceptions of racial/ethnic group sizes and attitudes toward immigrants and other minorities},
volume = {84.2},
year = {2005},
}

@article{Brown2010,
author = {Brown, A. R..},
journal = {The Journal of Politics},
number = {3},
pages = {605-615},
title = {Are Governors Responsible for the State Economy? Partisanship, Blame, and Divided Federalism.},
volume = {72},
year = {2010},
url = {http://doi.org/10.1017/s0022381610000046},
}

@article{LeachHayhoeTurner1999,
author = {Leach, L. J. and Hayhoe, C. R. and Turner, P. R.},
journal = {Journal of Financial Counseling and Planning},
number = {2},
pages = {11-24},
title = {Factors affecting perceived economic well-being of college students: A gender perspective},
volume = {10},
year = {1999},
url = {http://search.proquest.com.ezproxy.princeton.edu/docview/1355900207?accountid=13314},
}

@article{alba2005distorted,
  title={A distorted nation: Perceptions of racial/ethnic group sizes and attitudes toward immigrants and other minorities},
  author={Alba, Richard and Rumbaut, Ruben G and Marotz, Karen},
  journal={Social Forces},
  volume={84},
  number={2},
  pages={901--919},
  year={2005},
  publisher={Oxford University Press}
}

@article{yao2005effect,
  title={The effect of gender and marital status on financial risk tolerance},
  author={Yao, Rui and Hanna, Sherman D},
  journal={Journal of Personal Finance},
  volume={4},
  number={1},
  pages={66},
  year={2005},
  publisher={International Association of Registered Financial Consultants}
}

@book{corbett2012graduating,
  title={Graduating to a Pay Gap: The Earnings of Women and Men One Year after College Graduation.},
  author={Corbett, Christianne and Hill, Catherine},
  year={2012},
  publisher={ERIC}
}

@article{cartwright2011job,
  title={Job and industry gender segregation: NAICS categories and EEO--1 job groups},
  author={Cartwright, Bliss and Edwards, Patrick Ronald and Wang, Qi},
  journal={Monthly Labor Review},
  volume={134},
  number={11},
  pages={37--50},
  year={2011}
}

@article{Berman2014,
author = {Berman, J.},
journal = {Bureau of Labor Statistics},
title = {Industry output and employment projections to 2014},
year = {2014},
url = {https://www.doleta.gov/brg/indprof/IT_profile.cfm},}

@article{ShresthaGoetzRupasingha2007,
author = {Shrestha, S. S. and S. J. Goetz and Anil Rupasingha},
journal = {Review of Regional Studies.},
number = {2},
pages = {146-168},
title = {Proprietorship Formations and US Job Growth},
volume = {27},
year = {2007},
}

@article{rocha2004entrepreneurship,
  title={Entrepreneurship and development: The role of clusters},
  author={Rocha, Hector O},
  journal={Small business economics},
  volume={23},
  number={5},
  pages={363--400},
  year={2004},
  publisher={Springer}
}

@misc{borjas1986self,
  title={The self-employment experience of immigrants},
  author={Borjas, George J},
  year={1986},
  publisher={National Bureau of Economic Research Cambridge, Mass., USA}
}

@article{clark2000pushed,
  title={Pushed out or pulled in? Self-employment among ethnic minorities in England and Wales},
  author={Clark, Kenneth and Drinkwater, Stephen},
  journal={Labour Economics},
  volume={7},
  number={5},
  pages={603--628},
  year={2000},
  publisher={Elsevier}
}

@article{rees1986empirical,
  title={An empirical analysis of self-employment in the UK},
  author={Rees, Hedley and Shah, Anup},
  journal={Journal of applied econometrics},
  volume={1},
  number={1},
  pages={95--108},
  year={1986},
  publisher={Wiley Online Library}
}

@article{robinson1994effect,
  title={The effect of education and experience on self-employment success},
  author={Robinson, Peter B and Sexton, Edwin A},
  journal={Journal of business Venturing},
  volume={9},
  number={2},
  pages={141--156},
  year={1994},
  publisher={Elsevier}
}

@article{luber2000growing,
  title={Growing self-employment in Western Europe: an effect of modernization?},
  author={Luber, Silvia and Leicht, Ren{\'e}},
  journal={International Review of Sociology/Revue Internationale de Sociologie},
  volume={10},
  number={1},
  pages={101--123},
  year={2000},
  publisher={Taylor \& Francis}
}

@article{jones1995culture,
  title={Culture and its relationship to economic change},
  author={Jones, Eric L},
  journal={Journal of Institutional and Theoretical Economics (JITE)/Zeitschrift f{\"u}r die gesamte Staatswissenschaft},
  pages={269--285},
  year={1995},
  publisher={JSTOR}
}

@article{charles2002equal,
  title={Equal but separate? A cross-national study of sex segregation in higher education},
  author={Charles, Maria and Bradley, Karen},
  journal={American Sociological Review},
  pages={573--599},
  year={2002},
  publisher={JSTOR}
}

@techreport{bakker1994strategic,
  title={The strategic silence: gender and economic policy},
  author={Bakker, Isabella and Mukhopadhyay, S Bakker and Afshar, H Bakker and Barr{\'o}n, A Bakker and Cohen, Griffin and M Bakker, I and MacDonald, M Bakker and Williams, MW and Grown, C Bakker and Brodie, J Bakker and others},
  year={1994}
}

@book{blank1993should,
  title={What should mainstream economists learn from feminist theory?},
  author={Blank, Rebecca M},
  year={1993},
  publisher={na}
}

@book{ferber2009beyond,
  title={Beyond economic man: Feminist theory and economics},
  author={Ferber, Marianne A and Nelson, Julie A},
  year={2009},
  publisher={University of Chicago Press},
  pages={133--143}
}

@article{boserup1970women,
  title={Women's Role in Economic Development, McMillan, London Banerjee, Nirmala:'How Red is The Bogey of Feminisation?'},
  author={Boserup, Ester},
  journal={The Indian Journal of Labour Economics},
  volume={40},
  number={1},
  year={1970}
}

@article{francis2015gender,
  title={Gender differences in financial reporting decision making: Evidence from accounting conservatism},
  author={Francis, Bill and Hasan, Iftekhar and Park, Jong Chool and Wu, Qiang},
  journal={Contemporary Accounting Research},
  volume={32},
  number={3},
  pages={1285--1318},
  year={2015},
  publisher={Wiley Online Library}
}

@article{koellinger2013gender,
  title={Gender Differences in Entrepreneurial Propensity*},
  author={Koellinger, Philipp and Minniti, Maria and Schade, Christian},
  journal={Oxford bulletin of economics and statistics},
  volume={75},
  number={2},
  pages={213--234},
  year={2013},
  publisher={Wiley Online Library}
}

@book{gartner2004handbook,
  title={Handbook of entrepreneurial dynamics: The process of business creation},
  author={Gartner, William B},
  year={2004},
  publisher={Sage}
}

@article{jones2013entrepreneurial,
  title={Entrepreneurial education: meeting needs better},
  author={Jones, Rosalind and Sethna, Zubin and McAuley, Andrew},
  journal={Journal of Research in Marketing and Entrepreneurship},
  volume={15},
  number={1},
  pages={12--22},
  year={2013},
  publisher={Emerald Group Publishing Limited}
}

@article{colby2015projections,
  title={Projections of the Size and Composition of the US Population: 2014 to 2060},
  author={Colby, Sandra L and Ortman, Jennifer M},
  journal={US Census Bureau, Ed},
  pages={25--1143},
  year={2015}
}

@article{kennickell2006currents,
  title={Currents and undercurrents: Changes in the distribution of wealth, 1989-2004},
  author={Kennickell, Arthur B},
  year={2006},
  publisher={FEDS Working Paper}
}

@inproceedings{armstrong1993credit,
  title={Credit card use and payment practices among a sample of college students},
  author={Armstrong, Connie J and Craven, M Joyce},
  booktitle={Proceedings of 6th Annual Conference of the Association for Financial Counseling and Planning Education},
  volume={48459},
  year={1993}
}